@book{practical_eletronics,
	Author = {Paul Scherz and Simon Monk},
	Title = {Practical Electronics for Inventors, Fourth Edition},
	Publisher = {McGraw-Hill Education TAB},
	Year = {2016},
	ISBN = {1259587541},
	URL = {https://www.amazon.com/Practical-Electronics-Inventors-Fourth-Scherz/dp/1259587541?SubscriptionId=AKIAIOBINVZYXZQZ2U3A&tag=chimbori05-20&linkCode=xm2&camp=2025&creative=165953&creativeASIN=1259587541}
}

@book{agr_machines,
	Author = {Lee Klancher},
	Title = {Tractor: The Heartland Innovation, Ground-Breaking Machines, Midnight Schemes, Secret Garages, and Farmyard Geniuses that Mechanized Agriculture},
	Publisher = {Octane Press},
	Year = {2018},
	ISBN = {1937747956},
	URL = {https://www.amazon.com/Tractor-Innovation-Ground-Breaking-Mechanized-Agriculture/dp/1937747956?SubscriptionId=AKIAIOBINVZYXZQZ2U3A&tag=chimbori05-20&linkCode=xm2&camp=2025&creative=165953&creativeASIN=1937747956}
}